@article{privacy,
  title   = {(OS招待講演)プライバシを考慮した防犯カメラ映像処理},
  author  = {舩冨 卓哉 and 川西 康友 and 美濃 導彦 and 森村 吉貴 and 満上 育久},
  journal = {人工知能学会全国大会論文集},
  volume  = {JSAI2013},
  number  = { },
  pages   = {3L4OS06c1-3L4OS06c1},
  year    = {2013},
  doi     = {10.11517/pjsai.JSAI2013.0_3L4OS06c1}
}




@article{smartphone,
  title     = {スマートフォンと BLE ビーコンを用いた出席管理手法の提案},
  author    = {嶋川司 and 三木光範 and 中原蒼太 and 間博人},
  journal   = {同志社大学ハリス理化学研究報告= The Harris science review of Doshisha University},
  volume    = {58},
  number    = {2},
  pages     = {88--95},
  year      = {2017},
  publisher = {同志社大学ハリス理化学研究所}
}



@article{twitter,
  title     = {スマートフォンを用いた在室管理システムと学習状況管理システム},
  author    = {小野澤清人 and 渡邉圭輔 and 諏訪敬祐},
  journal   = {東京都市大学横浜キャンパス情報メディアジャーナル= Journal of information studies},
  volume    = {13},
  pages     = {6--15},
  year      = {2012},
  publisher = {東京都市大学環境情報学部情報メディアジャーナル編集委員会}
}



@article{communication,
  title   = {BLE を用いた位置情報共有システムの開発},
  author  = {志毛勇一 and 神屋郁子 and 下川俊彦 and others},
  journal = {マルチメディア, 分散協調とモバイルシンポジウム 2016 論文集},
  volume  = {2016},
  pages   = {516--521},
  year    = {2016}
}



@inproceedings{nfcandroid,
  title        = {NFC (Near Field Communication) を用いた Android スマートフォンによる授業出席管理システムの開発},
  author       = {市村匠 and 鎌田真},
  booktitle    = {日本知能情報ファジィ学会 ファジィ システム シンポジウム 講演論文集 第 28 回ファジィシステムシンポジウム},
  pages        = {1167--1170},
  year         = {2012},
  organization = {日本知能情報ファジィ学会}
}




@article{garake,
  title   = {出席管理システム AMUSE の設計と開発},
  author  = {檀裕也 and others},
  journal = {松山大学論集},
  volume  = {21},
  number  = {2},
  pages   = {95--115},
  year    = {2009}
}



@article{zyugyou,
  title     = {学生証を用いた授業出席状況管理システムの開発},
  author    = {飯田仁 and 吉永哲哉},
  journal   = {大学教育研究ジャーナル},
  volume    = {7},
  pages     = {131--137},
  year      = {2010},
  publisher = {徳島大学}
}



@article{felica,
  title   = {FeliCa を用いた出席管理システムの開発と運用},
  author  = {大見嘉弘 and others},
  journal = {東京情報大学研究論集},
  volume  = {15},
  number  = {2},
  pages   = {69--81},
  year    = {2012}
}


@inproceedings{android,
  title        = {Student attendance management system with bluetooth low energy beacon and android devices},
  author       = {Noguchi, Shota and Niibori, Michitoshi and Zhou, Erjing and Kamada, Masaru},
  booktitle    = {2015 18th International Conference on Network-Based Information Systems},
  pages        = {710--713},
  year         = {2015},
  organization = {IEEE}
}


@article{smartbase,
  title     = {Bluetooth smart based attendance management system},
  author    = {Lodha, Riya and Gupta, Suruchi and Jain, Harshil and Narula, Harish},
  journal   = {Procedia Computer Science},
  volume    = {45},
  pages     = {524--527},
  year      = {2015},
  publisher = {Elsevier}
}




@article{densi,
  title   = {メンバーの習慣を可視化する電子行方表とその評価},
  author  = {藤原仁貴 and 村田雄一 and 堀竜慈 and 鈴木俊吾 and 志築文太郎 and 田中二郎},
  journal = {インタラクション},
  pages   = {1--4},
  year    = {2010}
}


@article{suica,
  title     = {Suica を用いた出席確認システムの開発とその評価},
  author    = {松本浩明 and 和田紗侑里 and 原昇太郎 and 森田直樹},
  journal   = {東海大学紀要. 情報通信学部 東海大学情報通信学部 [編]},
  volume    = {4},
  number    = {2},
  pages     = {16--21},
  year      = {2011},
  publisher = {東海大学出版会}
}



@article{bledakoku,
  title   = {BLE ビーコンを用いた位置推定による打刻システムの運用と課題},
  author  = {梶岡慎輔 and 山本大介 and 打矢隆弘 and 齋藤彰一 and 松尾啓志 and 内匠逸 and others},
  journal = {研究報告セキュリティ心理学とトラスト (SPT)},
  volume  = {2016},
  number  = {12},
  pages   = {1--7},
  year    = {2016}
}


@article{blesuitei,
  title   = {BLE ビーコンを用いた位置推定による打刻システムの運用と課題},
  author  = {梶岡慎輔 and 山本大介 and 打矢隆弘 and 齋藤彰一 and 松尾啓志 and 内匠逸 and others},
  journal = {研究報告セキュリティ心理学とトラスト (SPT)},
  volume  = {2016},
  number  = {12},
  pages   = {1--7},
  year    = {2016}
}


@article{notouchic,
  title     = {非接触 IC カードを用いた出席登録システム},
  author    = {須田憲人 and 鯉沼辰弥 and 鈴木崇 and 熊澤弘之},
  journal   = {電子情報通信学会技術研究報告; 信学技報},
  volume    = {111},
  number    = {141},
  pages     = {65--70},
  year      = {2011},
  publisher = {電子情報通信学会}
}

##URL


@misc{beacon,
  author       = {オカベマーキングシステム},
  title        = {BLEビーコンによる自動認識},
  howpublished = {\url{https://www.okabe-ms.co.jp/support/knowledge/about-beacon}},
  year         = {2023年1月30日}
}

@misc{hukyu,
  author       = {総務省},
  howpublished = {{\url{https://www.soumu.go.jp/johotsusintokei/whitepaper/ja/h29/html/nc111110.html}}},
  title        = {平成29年版 情報通信白書 数字で見たスマホの爆発的普及（5年間の量的拡大)},
  year         = {2023年1月30日}
}


@misc{amano,
  author       = {AMANO},
  howpublished = {{\url{ https://www.tis.amano.co.jp/product/line-up/kintai/}}},
  title        = {勤怠管理システム ラインナップ},
  year         = {2023年1月30日}
}


@misc{felicaweb,
  author       = {システム・アローポーション株式会社},
  howpublished = {{\url{https://sap-inc.co.jp/introduction-example/felica-System}}},
  title        = {Felicaを用いた入退室管理システム換装（勤怠管理、人事管理システム連動},
  year         = {2023年1月30日}
}






